<record><leader>00000cas a2200000 a 4500</leader><controlfield tag="001">10051503</controlfield><controlfield tag="008">831024d190619uumiuwr ne      0    0fin c</controlfield><datafield ind1=" " ind2=" " tag="010"><subfield code="a">sn 93060356 </subfield></datafield><datafield ind1=" " ind2=" " tag="040"><subfield code="a">CRL</subfield><subfield code="b">eng</subfield><subfield code="c">CRL</subfield><subfield code="d">CRL</subfield><subfield code="d">MQN</subfield><subfield code="d">MHN</subfield><subfield code="d">OCLCQ</subfield><subfield code="d">MHN</subfield><subfield code="d">OCLCQ</subfield><subfield code="d">OCLCF</subfield></datafield><datafield ind1="1" ind2=" " tag="029"><subfield code="a">AU@</subfield><subfield code="b">000041417317</subfield></datafield><datafield ind1=" " ind2=" " tag="042"><subfield code="a">pcc</subfield></datafield><datafield ind1=" " ind2=" " tag="043"><subfield code="a">n-us-mi</subfield></datafield><datafield ind1="0" ind2="0" tag="245"><subfield code="a">Auttaja.</subfield></datafield><datafield ind1="1" ind2="3" tag="246"><subfield code="a">Auttaja, the helper</subfield></datafield><datafield ind1=" " ind2=" " tag="260"><subfield code="a">Ironwood, Mich. :</subfield><subfield code="b">Amerikan Suomalaisen Ev. Luth. Kansalliskirkon a&#776;a&#776;nenkannattaja</subfield></datafield><datafield ind1=" " ind2=" " tag="300"><subfield code="a">v.</subfield></datafield><datafield ind1=" " ind2=" " tag="310"><subfield code="a">Monthly,</subfield><subfield code="b">Jan. 1965-</subfield></datafield><datafield ind1=" " ind2=" " tag="321"><subfield code="a">Weekly,</subfield><subfield code="b">1906-Dec. 17, 1964</subfield></datafield><datafield ind1="1" ind2=" " tag="362"><subfield code="a">Began in 1906.</subfield></datafield><datafield ind1=" " ind2=" " tag="500"><subfield code="a">"Published under the auspices of the Lutheran Church--Missouri Synod for Finnish-speaking People by Concordia Publishing House, St. Louis, Mo., Jan. 1965- "</subfield></datafield><datafield ind1=" " ind2=" " tag="546"><subfield code="a">In Finnish.</subfield></datafield><datafield ind1=" " ind2=" " tag="588"><subfield code="a">Description based on: 1 vuosikert, no. 2 (Tammikuun 25 p. (Jan. 25) 1906).</subfield></datafield><datafield ind1="2" ind2="0" tag="610"><subfield code="a">Lutheran Church--Missouri Synod</subfield><subfield code="v">Newspapers.</subfield></datafield><datafield ind1="2" ind2="0" tag="610"><subfield code="a">Finnish-American Ev. Lutheran National Church</subfield><subfield code="v">Newspapers.</subfield></datafield><datafield ind1=" " ind2="0" tag="651"><subfield code="a">Ironwood (Mich.)</subfield><subfield code="v">Newspapers.</subfield></datafield><datafield ind1=" " ind2="0" tag="651"><subfield code="a">Gogebic County (Mich.)</subfield><subfield code="v">Newspapers.</subfield></datafield><datafield ind1=" " ind2="7" tag="655"><subfield code="a">Newspapers.</subfield><subfield code="2">fast</subfield><subfield code="0">(OCoLC)fst01423814</subfield></datafield><datafield ind1="2" ind2="7" tag="610"><subfield code="a">Finnish-American Ev. Lutheran National Church.</subfield><subfield code="2">fast</subfield><subfield code="0">(OCoLC)fst00574896</subfield></datafield><datafield ind1="2" ind2="7" tag="610"><subfield code="a">Lutheran Church--Missouri Synod.</subfield><subfield code="2">fast</subfield><subfield code="0">(OCoLC)fst00544309</subfield></datafield><datafield ind1=" " ind2="7" tag="651"><subfield code="a">Michigan</subfield><subfield code="z">Gogebic County.</subfield><subfield code="2">fast</subfield><subfield code="0">(OCoLC)fst01214766</subfield></datafield><datafield ind1=" " ind2="7" tag="651"><subfield code="a">Michigan</subfield><subfield code="z">Ironwood.</subfield><subfield code="2">fast</subfield><subfield code="0">(OCoLC)fst01233229</subfield></datafield><datafield ind1="2" ind2=" " tag="710"><subfield code="a">Finnish-American Ev. Lutheran National Church.</subfield></datafield><datafield ind1=" " ind2=" " tag="752"><subfield code="a">United States</subfield><subfield code="b">Missouri</subfield><subfield code="d">Saint Louis.</subfield></datafield><datafield ind1=" " ind2=" " tag="752"><subfield code="a">United States</subfield><subfield code="b">Michagan</subfield><subfield code="c">Gogebic</subfield><subfield code="d">Ironwood.</subfield></datafield></record>